@article{Collins:1960,
 author = {Collins, George E.},
 title = {A method for overlapping and erasure of lists},
 journal = {Commun. ACM},
 issue_date = {Dec. 1960},
 volume = {3},
 issue = {12},
 month = {December},
 year = {1960},
 issn = {0001-0782},
 pages = {655--657},
 numpages = {3},
 url = {http://doi.acm.org/10.1145/367487.367501},
 doi = {http://doi.acm.org/10.1145/367487.367501},
 acmid = {367501},
 publisher = {ACM},
 address = {New York, NY, USA},
} 
